@ARTICLE{1576973,  author={Yuanqing Li and Amari, S. and Cichocki, A. and Ho, D.W.C. and Shengli Xie},  journal={IEEE Transactions on Signal Processing},   title={Underdetermined blind source separation based on sparse representation},   year={2006},  volume={54},  number={2},  pages={423-437},  doi={10.1109/TSP.2005.861743}}

@INPROCEEDINGS{6025435,  author={Wang, JingHui and Zhao, YuanChao},  booktitle={2011 International Conference on Mechatronic Science, Electric Engineering and Computer (MEC)},   title={Blind source separation based on fractional fourier transform},   year={2011},  volume={},  number={},  pages={201-204},  doi={10.1109/MEC.2011.6025435}}


@ARTICLE{ica,
author = {Jain, Sanjeev and Rai, Dr},
year = {2012},
month = {04},
pages = {},
title = {Blind Source Separation and ICA techniques: a review},
volume = {4},
journal = {IJEST}
}

@ARTICLE{1461442,
author={Georgiev, P. and Theis, F. and Cichocki, A.},  journal={IEEE Transactions on Neural Networks},
title={Sparse component analysis and blind source separation of underdetermined mixtures},   
year={2005},  
volume={16},  
number={4},  
pages={992-996},  
doi={10.1109/TNN.2005.849840}}

@ARTICLE{COMON1994287,
title = {Independent component analysis, A new concept?},
journal = {Signal Processing},
volume = {36},
number = {3},
pages = {287-314},
year = {1994},
note = {Higher Order Statistics},
issn = {0165-1684},
doi = {https://doi.org/10.1016/0165-1684(94)90029-9},
url = {https://www.sciencedirect.com/science/article/pii/0165168494900299},
author = {Pierre Comon},
}

@ARTICLE{1306640,  author={Yilmaz, O. and Rickard, S.},  journal={IEEE Transactions on Signal Processing},   title={Blind separation of speech mixtures via time-frequency masking},   year={2004},  volume={52},  number={7},  pages={1830-1847},  doi={10.1109/TSP.2004.828896}}

@article{BOFILL20012353,
title = {Underdetermined blind source separation using sparse representations},
journal = {Signal Processing},
volume = {81},
number = {11},
pages = {2353-2362},
year = {2001},
issn = {0165-1684},
doi = {https://doi.org/10.1016/S0165-1684(01)00120-7},
url = {https://www.sciencedirect.com/science/article/pii/S0165168401001207},
author = {Pau Bofill and Michael Zibulevsky},
keywords = {Blind source separation, Underdetermined source separation, Sparse signal representation, Potential-function clustering,  norm decomposition}
}